<record><leader>00000cas a22000007a 4500</leader><controlfield tag="001">20821429</controlfield><controlfield tag="008">891227d18711915mouwr ne      0    0eng d</controlfield><datafield ind1=" " ind2=" " tag="010"><subfield code="a">sn 89067608 </subfield></datafield><datafield ind1=" " ind2=" " tag="040"><subfield code="a">MQN</subfield><subfield code="b">eng</subfield><subfield code="c">MQN</subfield><subfield code="d">OCLCQ</subfield><subfield code="d">OCLCF</subfield><subfield code="d">OCLCO</subfield><subfield code="d">OCLCA</subfield></datafield><datafield ind1="1" ind2=" " tag="029"><subfield code="a">AU@</subfield><subfield code="b">000020583844</subfield></datafield><datafield ind1=" " ind2=" " tag="042"><subfield code="a">msc</subfield></datafield><datafield ind1=" " ind2=" " tag="043"><subfield code="a">n-us-mo</subfield></datafield><datafield ind1="0" ind2="0" tag="245"><subfield code="a">Hannibal weekly journal.</subfield></datafield><datafield ind1=" " ind2=" " tag="260"><subfield code="a">Hannibal, Mo. :</subfield><subfield code="b">Journal Co.</subfield></datafield><datafield ind1=" " ind2=" " tag="300"><subfield code="a">v.</subfield></datafield><datafield ind1=" " ind2=" " tag="310"><subfield code="a">Weekly</subfield></datafield><datafield ind1="1" ind2=" " tag="362"><subfield code="a">Began in 1871? Ceased in 1915?</subfield></datafield><datafield ind1=" " ind2=" " tag="580"><subfield code="a">Daily eds.: Hannibal morning journal, &lt;Mar. 19, 1879-Dec. 8, 1886&gt;; Morning journal (Hannibal, Mo.), &lt;May 7, 1887-May 7, 1896&gt;; Hannibal morning journal (Hannibal, Mo.), &lt;Feb. 1, 1900-1915?&gt;.</subfield></datafield><datafield ind1=" " ind2=" " tag="588"><subfield code="a">Description based on: Vol. 17, no. 9 (Mar. 3, 1887).</subfield></datafield><datafield ind1=" " ind2="0" tag="651"><subfield code="a">Hannibal (Mo.)</subfield><subfield code="v">Newspapers.</subfield></datafield><datafield ind1=" " ind2="7" tag="655"><subfield code="a">Newspapers.</subfield><subfield code="2">fast</subfield><subfield code="0">(OCoLC)fst01423814</subfield></datafield><datafield ind1=" " ind2="7" tag="651"><subfield code="a">Missouri</subfield><subfield code="z">Hannibal.</subfield><subfield code="2">fast</subfield><subfield code="0">(OCoLC)fst01223156</subfield></datafield><datafield ind1=" " ind2=" " tag="752"><subfield code="a">United States</subfield><subfield code="b">Missouri</subfield><subfield code="c">Marion</subfield><subfield code="d">Hannibal.</subfield></datafield><datafield ind1="1" ind2=" " tag="775"><subfield code="t">Hannibal morning journal (Hannibal, Mo. : 1878)</subfield><subfield code="w">(DLC)sn 83016981</subfield></datafield><datafield ind1="1" ind2=" " tag="775"><subfield code="t">Morning journal (Hannibal, Mo.)</subfield><subfield code="w">(DLC)sn 91061162</subfield></datafield><datafield ind1="1" ind2=" " tag="775"><subfield code="t">Hannibal morning journal (Hannibal, Mo. : 1900)</subfield><subfield code="w">(DLC)sn 91061163</subfield></datafield></record>